<record><leader>00000cas a2200000 a 4500</leader><controlfield tag="001">55612143</controlfield><controlfield tag="008">040608u19uuuuuukyumr ne      0    0eng c</controlfield><datafield ind1=" " ind2=" " tag="010"><subfield code="a">sn2007059039</subfield><subfield code="z">sn2004060405</subfield></datafield><datafield ind1=" " ind2=" " tag="040"><subfield code="a">NYS</subfield><subfield code="b">eng</subfield><subfield code="c">NYS</subfield><subfield code="d">DLC</subfield><subfield code="d">OCLCQ</subfield><subfield code="d">OCLCF</subfield><subfield code="d">OCLCO</subfield></datafield><datafield ind1=" " ind2=" " tag="042"><subfield code="a">pcc</subfield></datafield><datafield ind1=" " ind2=" " tag="043"><subfield code="a">n-us-ky</subfield></datafield><datafield ind1="0" ind2="4" tag="245"><subfield code="a">The Letter.</subfield></datafield><datafield ind1=" " ind2=" " tag="260"><subfield code="a">Louisville, Ky. :</subfield><subfield code="b">Phoenix Hill Enterprises</subfield></datafield><datafield ind1=" " ind2=" " tag="300"><subfield code="a">v. :</subfield><subfield code="b">ill. ;</subfield><subfield code="c">43 cm.</subfield></datafield><datafield ind1=" " ind2=" " tag="310"><subfield code="a">Monthly</subfield></datafield><datafield ind1=" " ind2=" " tag="500"><subfield code="a">"Kentucky's Gay, Lesbian, Bisexual and Transgender Newspaper."</subfield></datafield><datafield ind1=" " ind2=" " tag="588"><subfield code="a">Description based on: Vol. 11, no. 1 (Jan. 2000).</subfield></datafield><datafield ind1=" " ind2=" " tag="588"><subfield code="a">Latest issue consulted: Vol. 12, no. 10 (Sept. 2001).</subfield></datafield><datafield ind1=" " ind2="0" tag="650"><subfield code="a">Gays</subfield><subfield code="z">Kentucky</subfield><subfield code="v">Newspapers.</subfield></datafield><datafield ind1=" " ind2="0" tag="650"><subfield code="a">Lesbians</subfield><subfield code="z">Kentucky</subfield><subfield code="v">Newspapers.</subfield></datafield><datafield ind1=" " ind2="0" tag="650"><subfield code="a">Transsexuals</subfield><subfield code="z">Kentucky</subfield><subfield code="v">Newspapers.</subfield></datafield><datafield ind1=" " ind2="0" tag="650"><subfield code="a">Gay liberation movement</subfield><subfield code="z">Kentucky</subfield><subfield code="v">Newspapers.</subfield></datafield><datafield ind1=" " ind2="0" tag="651"><subfield code="a">Louisville (Ky.)</subfield><subfield code="v">Newspapers.</subfield></datafield><datafield ind1=" " ind2="0" tag="651"><subfield code="a">Jefferson County (Ky.)</subfield><subfield code="v">Newspapers.</subfield></datafield><datafield ind1=" " ind2="7" tag="655"><subfield code="a">Newspapers.</subfield><subfield code="2">fast</subfield><subfield code="0">(OCoLC)fst01423814</subfield></datafield><datafield ind1=" " ind2="7" tag="650"><subfield code="a">Gay liberation movement.</subfield><subfield code="2">fast</subfield><subfield code="0">(OCoLC)fst00939104</subfield></datafield><datafield ind1=" " ind2="7" tag="650"><subfield code="a">Gays.</subfield><subfield code="2">fast</subfield><subfield code="0">(OCoLC)fst00939255</subfield></datafield><datafield ind1=" " ind2="7" tag="650"><subfield code="a">Lesbians.</subfield><subfield code="2">fast</subfield><subfield code="0">(OCoLC)fst00996540</subfield></datafield><datafield ind1=" " ind2="7" tag="650"><subfield code="a">Transsexuals.</subfield><subfield code="2">fast</subfield><subfield code="0">(OCoLC)fst01155432</subfield></datafield><datafield ind1=" " ind2="7" tag="651"><subfield code="a">Kentucky.</subfield><subfield code="2">fast</subfield><subfield code="0">(OCoLC)fst01204494</subfield></datafield><datafield ind1=" " ind2="7" tag="651"><subfield code="a">Kentucky</subfield><subfield code="z">Jefferson County.</subfield><subfield code="2">fast</subfield><subfield code="0">(OCoLC)fst01205464</subfield></datafield><datafield ind1=" " ind2="7" tag="651"><subfield code="a">Kentucky</subfield><subfield code="z">Louisville.</subfield><subfield code="2">fast</subfield><subfield code="0">(OCoLC)fst01204602</subfield></datafield><datafield ind1=" " ind2=" " tag="752"><subfield code="a">United States</subfield><subfield code="b">Kentucky</subfield><subfield code="c">Jefferson</subfield><subfield code="d">Louisville.</subfield></datafield></record>